<record><leader>00000cas a22000007a 4500</leader><controlfield tag="001">36835831</controlfield><controlfield tag="008">970501d19051916okuwr n       0    0eng d</controlfield><datafield ind1=" " ind2=" " tag="010"><subfield code="a">sn 97064852 </subfield></datafield><datafield ind1=" " ind2=" " tag="040"><subfield code="a">OBN</subfield><subfield code="b">eng</subfield><subfield code="c">OBN</subfield><subfield code="d">OCLCQ</subfield><subfield code="d">OCLCF</subfield><subfield code="d">OCLCO</subfield></datafield><datafield ind1="1" ind2=" " tag="029"><subfield code="a">AU@</subfield><subfield code="b">000013251023</subfield></datafield><datafield ind1=" " ind2=" " tag="042"><subfield code="a">msc</subfield></datafield><datafield ind1=" " ind2=" " tag="043"><subfield code="a">n-us-ok</subfield></datafield><datafield ind1="0" ind2="0" tag="245"><subfield code="a">Tonkawa chieftain.</subfield></datafield><datafield ind1=" " ind2=" " tag="260"><subfield code="a">Tonkawa, Okla. :</subfield><subfield code="b">Bryant &amp; Webster</subfield></datafield><datafield ind1=" " ind2=" " tag="300"><subfield code="a">v.</subfield></datafield><datafield ind1=" " ind2=" " tag="310"><subfield code="a">Weekly</subfield></datafield><datafield ind1="1" ind2=" " tag="362"><subfield code="a">Began in 1905; ceased in 1916.</subfield></datafield><datafield ind1="0" ind2=" " tag="362"><subfield code="a">Vol. 2, no. 27 (Dec. 7, 1905)-v. 12, no. 42 (Mar. 30, 1916).</subfield></datafield><datafield ind1=" " ind2="0" tag="651"><subfield code="a">Tonkawa (Okla.)</subfield><subfield code="v">Newspapers.</subfield></datafield><datafield ind1=" " ind2="0" tag="651"><subfield code="a">Kay County (Okla.)</subfield><subfield code="v">Newspapers.</subfield></datafield><datafield ind1=" " ind2="7" tag="655"><subfield code="a">Newspapers.</subfield><subfield code="2">fast</subfield><subfield code="0">(OCoLC)fst01423814</subfield></datafield><datafield ind1=" " ind2="7" tag="651"><subfield code="a">Oklahoma</subfield><subfield code="z">Kay County.</subfield><subfield code="2">fast</subfield><subfield code="0">(OCoLC)fst01206445</subfield></datafield><datafield ind1=" " ind2="7" tag="651"><subfield code="a">Oklahoma</subfield><subfield code="z">Tonkawa.</subfield><subfield code="2">fast</subfield><subfield code="0">(OCoLC)fst01220595</subfield></datafield><datafield ind1=" " ind2=" " tag="752"><subfield code="a">United States</subfield><subfield code="b">Oklahoma</subfield><subfield code="c">Kay</subfield><subfield code="d">Tonkawa.</subfield></datafield><datafield ind1="0" ind2="0" tag="780"><subfield code="t">Tonkawa enterprise</subfield><subfield code="w">(DLC)sn 97064851</subfield><subfield code="w">(OCoLC)36835804</subfield></datafield><datafield ind1="0" ind2="4" tag="785"><subfield code="t">Tonkawa news</subfield><subfield code="w">(DLC)sn 86064117</subfield><subfield code="w">(OCoLC)13621324</subfield></datafield></record>